<record><leader>00000cas a22000007a 4500</leader><controlfield tag="001">18124110</controlfield><controlfield tag="008">880623c19819999ohuwr ne      0    0eng d</controlfield><datafield ind1=" " ind2=" " tag="010"><subfield code="a">sn 88077583 </subfield></datafield><datafield ind1=" " ind2=" " tag="040"><subfield code="a">ONP</subfield><subfield code="b">eng</subfield><subfield code="c">ONP</subfield><subfield code="d">OCLCQ</subfield></datafield><datafield ind1=" " ind2=" " tag="042"><subfield code="a">msc</subfield></datafield><datafield ind1="0" ind2=" " tag="130"><subfield code="a">Morrow County Independent (Cardington, Ohio : 1981)</subfield></datafield><datafield ind1="1" ind2="4" tag="245"><subfield code="a">The Morrow County Independent.</subfield></datafield><datafield ind1="3" ind2="0" tag="246"><subfield code="a">Morrow County Independent and Ashley star</subfield></datafield><datafield ind1=" " ind2=" " tag="260"><subfield code="a">Cardington, Ohio :</subfield><subfield code="b">William M. Histed,</subfield><subfield code="c">1981-</subfield></datafield><datafield ind1=" " ind2=" " tag="310"><subfield code="a">Weekly</subfield></datafield><datafield ind1="0" ind2=" " tag="362"><subfield code="a">Issue no. 46 (May 7, 1981)-</subfield></datafield><datafield ind1=" " ind2=" " tag="500"><subfield code="a">Published as: Morrow County Independent and Ashley star, Oct. 13, 1983-Nov. 10, 1983.</subfield></datafield><datafield ind1=" " ind2=" " tag="752"><subfield code="a">United States</subfield><subfield code="b">Ohio</subfield><subfield code="c">Morrow</subfield><subfield code="d">Cardington.</subfield></datafield><datafield ind1="0" ind2="0" tag="780"><subfield code="t">Morrow County Independent register and tri-county star</subfield><subfield code="w">(DLC)sn 88077582</subfield></datafield></record>